@misc{bsi_passwords, 
title={Sichere Passwörter Erstellen}, 
url={https://www.bsi.bund.de/DE/Themen/Verbraucherinnen-und-Verbraucher/Informationen-und-Empfehlungen/Cyber-Sicherheitsempfehlungen/Accountschutz/Sichere-Passwoerter-erstellen/sichere-passwoerter-erstellen_node.html}, 
journal={Bundesamt für Sicherheit in der Informationstechnik}, author={BSI}, 
year={2024},
month={Oct},
} 

@misc{FIRST_CVSS, 
title={Common Vulnerability Scoring System v3.1: Specification Document}, 
url={https://www.first.org/cvss/v3.1/specification-document}, 
} 